Automatically generated by Mendeley 1.6
Any changes to this file will be lost if it is regenerated by Mendeley.

@article{Jenson2009,
author = {Dietrich, Jens and Jenson, Graham},
journal = {Journal Of Object Technology},
number = {42},
pages = {131--148},
title = {{Components, Contracts and Vocabularies - Making Dynamic Component Assemblies more Predictable}},
volume = {42},
year = {2009}
}
@article{rennie1950lattices,
author = {Rennie, BC},
journal = {Proceedings of the London Mathematical Society},
number = {1},
pages = {386--400},
title = {{Lattices}},
volume = {2},
year = {1950}
}
@book{RMcKenzieGFMcNulty,
annote = {undefined},
author = {McKenzie, R and McNulty, GF and Taylor, WF},
publisher = {Wadsworth & Brooks/Cole, Monterey, California},
title = {{Algebras, Lattices, Varieties}},
year = {1987}
}
@article{Land1960,
author = {Land, A.H. and Doig, A.G.},
journal = {Econometrica},
number = {3},
pages = {497--520},
title = {{An Automatic Method of Solving Discrete Programming Problems}},
volume = {28},
year = {1960}
}
@inproceedings{schiex1995valued,
author = {Schiex, T. and Fargier, H. and Verfaillie, G.},
booktitle = {Proc. IJCAI'1995},
pages = {631--637},
publisher = {Morgan Kaufmann Publishers Inc.},
title = {{Valued Constraint Satisfaction Problems: Hard and Easy Problems}},
year = {1995}
}
@article{Ryan2005,
author = {Ryan, A. and Newmarch, J.},
journal = {CCNC'2005},
month = jan,
pages = {498--503},
title = {{An architecture for component evolution}},
volume = {0},
year = {2005}
}
@book{taylor1995guide,
author = {Taylor, B.N.},
publisher = {DIANE Publishing},
title = {{Guide for the use of the international system of units (si).}},
year = {1995}
}
@inproceedings{le_berre_dependency_2009,
author = {Rapicault, Pascal and {Le Berre}, Daniel},
booktitle = {Proc. IWOCE'2009},
keywords = {Eclipse P2,Folder - Eclipse P2},
mendeley-tags = {Eclipse P2,Folder - Eclipse P2},
month = aug,
publisher = {ACM},
title = {{Dependency Management for the Eclipse Ecosystem}},
year = {2009}
}
@article{Kriens2008,
author = {Kriens, Peter},
issn = {1542-7730},
journal = {Queue},
keywords = {CR: Example},
mendeley-tags = {CR: Example},
number = {1},
pages = {44--51},
title = {{How OSGi Changed My Life}},
volume = {6},
year = {2008}
}
@inproceedings{savolainen_analyzing_2007,
author = {Savolainen, Juha and Oliver, Ian and Myllarniemi, Varvana and Mannisto, Tomi},
booktitle = {Proc. COMPSAC'2007},
pages = {569--574},
publisher = {IEEE Press},
title = {{Analyzing and Re-structuring Product Line Dependencies}},
volume = {1},
year = {2007}
}
@inproceedings{grunbacher2009model,
author = {G\"{u}nbacher, P. and Rabiser, R. and Dhungana, D. and Lehofer, M.},
booktitle = {Proc. ASE'2009},
pages = {247--256},
publisher = {IEEE Press},
title = {{Model-Based Customization and Deployment of Eclipse-Based Tools: Industrial Experiences}},
year = {2009}
}
@inproceedings{Aleti2009,
author = {Aleti, A. and Grunske, L. and Meedeniya, I. and Moser, I.},
booktitle = {Proc. ASE'2009},
pages = {505--509},
publisher = {IEEE Press},
shorttitle = {Let the ants deploy your software},
title = {{Let the Ants Deploy Your Software: an ACO Based Deployment Optimisation Strategy}},
year = {2009}
}
@inproceedings{Fernandez,
author = {Fern\'{a}ndez, Antonio J. and Hill, Patricia M.},
booktitle = {Proc. FLOPS'1999},
pages = {194--208},
publisher = {Springer},
title = {{An Interval Lattice-Based Constraint Solving Framework for Lattices}},
year = {1999}
}
@book{casey_better_2008,
author = {Porter, B. and Sanchez, C. and Casey, J. and Massol, V.},
keywords = {Folder - Maven},
mendeley-tags = {Folder - Maven},
publisher = {MaestroDev},
title = {{Better Builds with Maven}},
year = {2008}
}
@inproceedings{Zhang2000,
author = {Zhang, W},
booktitle = {Proc. 17th National Conf. on Artificial Intelligence},
pages = {930--935},
publisher = {AAAI Press},
title = {{Depth-first Branch-and-bound Versus Local Search: A Case Study}},
year = {2000}
}
@inproceedings{Guo2000,
author = {Guo, Jiang and Luqi},
booktitle = {Proc. ECBS'2000},
isbn = {0-7695-0604-6},
keywords = {CR: Example,CR: Example Use,CR: Implementation},
mendeley-tags = {CR: Example,CR: Example Use,CR: Implementation},
pages = {92--100},
publisher = {IEEE Press},
title = {{A Survey of Software Reuse Repositories}},
year = {2000}
}
@book{fishburn1985interval,
author = {Fishburn, P.C.},
publisher = {John Wiley & Sons},
title = {{Interval Orders and Interval Graphs: A Study of Partially Ordered Sets}},
year = {1985}
}
@article{Freuder2009,
author = {Freuder, Eugene C. and Heffernan, Robert and Wallace, Richard J. and Wilson, Nic},
doi = {10.1007/s10601-009-9069-0},
issn = {1383-7133},
journal = {Constraints},
month = mar,
number = {1},
pages = {1--28},
title = {{Lexicographically-Ordered Constraint Satisfaction Problems}},
volume = {15},
year = {2009}
}
@article{Bistarelli1997,
author = {Bistarelli, Stefano and Montanari, Ugo and Rossi, Francesca},
journal = {J. ACM},
keywords = {Folder - Optimizationb,constraint solving,dynamic programming,local consistency,non-crisp constraint reasoning},
mendeley-tags = {constraint solving,dynamic programming,Folder - Optimizationb,local consistency,non-crisp constraint reasoning},
number = {2},
pages = {201--236},
title = {{Semiring-based Constraint Satisfaction and Optimization}},
volume = {44},
year = {1997}
}
@inproceedings{Ozturk,
author = {Ozt\"{u}rk, M and Tsoukias, A and Vincke, P},
booktitle = {Multiple Criteria Decision Analysis: State of the Art Surveys},
pages = {27--59},
publisher = {Springer},
title = {{Preference Modelling}},
year = {2004}
}
@book{birkhoff1950lattice,
author = {Birkhoff, G.},
number = {9904},
publisher = {Amer Mathematical Society},
title = {{Lattice Theory}},
volume = {2},
year = {1995}
}
@book{davey1990introduction,
author = {Davey, BA and Priestley, HA},
publisher = {Cambridge University Press},
title = {{Introduction to Lattices and Order}},
year = {1990}
}
@book{Szyperski2002,
address = {Boston, MA, USA},
author = {Szyperski, Clemens},
edition = {2nd},
isbn = {0201745720},
publisher = {Addison-Wesley Longman Publishing Co.},
series = {The Component Software Series},
title = {{Component Software: Beyond Object-Oriented Programming}},
year = {2002}
}
@article{fernandez2004generic,
author = {Fern\'{a}ndez, A},
journal = {AI Communications},
number = {3},
pages = {171--174},
publisher = {IOS Press},
title = {{A Generic, Collaborative Framework for Interval Constraint Solving}},
volume = {17},
year = {2004}
}
@inproceedings{Berre2008,
author = {{Le Berre}, Daniel and Parrain, Anne},
booktitle = {Proc. SPLC'2008},
pages = {197--200},
publisher = {Lero Int. Science Centre},
title = {{On SAT Technologies for Dependency Management and Beyond}},
year = {2008}
}
@article{Watkins1999,
author = {Watkins, Damien and J\'{e}z\'{e}quel, Jean-Marc and Plouzeau, No\"{e}l and Beugnard, Antoine},
issn = {0018-9162},
journal = {Computer},
number = {7},
pages = {38--45},
title = {{Making Components Contract Aware}},
volume = {32},
year = {1999}
}
@inproceedings{Jenson2010,
author = {Jenson, Graham and Dietrich, Jens and Guesgen, Hans W.},
booktitle = {Proc. CBSE'2010},
file = {:home/gdjenson/.local/share/data/Mendeley Ltd./Mendeley Desktop/Downloaded/Jenson, Dietrich, Guesgen - 2010 - An Empirical Study of the Component Dependency Resolution Search Space.pdf:pdf},
pages = {182--199},
publisher = {Springer},
title = {{An Empirical Study of the Component Dependency Resolution Search Space}},
year = {2010}
}
@book{pareto1964cours,
author = {Pareto, V.},
publisher = {Librairie Droz},
title = {{Cours d'economie politique}},
year = {1964}
}
@book{ehrgott2000multicriteria,
author = {Ehrgott, M.},
booktitle = {Lecture notes in economics and mathematical systems},
publisher = {Springer},
title = {{Multicriteria Optimization}},
year = {2000}
}
