Automatically generated by Mendeley 1.6
Any changes to this file will be lost if it is regenerated by Mendeley.

@article{Kwong2010,
author = {Kwong, C.K. and Mu, L.F. and Tang, J.F. and Luo, X.G.},
issn = {03608352},
journal = {Computers \& Industrial Engineering},
keywords = {component-based software systems,genetic algorithm,modular design,software component selection},
month = may,
number = {4},
pages = {618--624},
title = {{Optimization of software components selection for component-based software system development}},
volume = {58},
year = {2010}
}
@article{alchourron1985logic,
author = {Alchourr\'{o}n, C.E. and G\"{a}rdenfors, P. and Makinson, D.},
issn = {0022-4812},
journal = {Journal of symbolic logic},
number = {2},
pages = {510--530},
publisher = {JSTOR},
title = {{On the logic of theory change: Partial meet contraction and revision functions}},
volume = {50},
year = {1985}
}
@techreport{treinen2009common,
author = {Treinen, R. and Zacchiroli, S.},
publisher = {Technical Report TR003, The Mancoosi project, November 2009. http://www. mancoosi. org/reports/tr3. pdf},
title = {{Common upgradeability description format (CUDF) 2.0}},
url = {http://www.mancoosi.com/reports/tr3.pdf},
year = {2009}
}
@inproceedings{Cosmo2010,
author = {{Di Cosmo}, R. and Zacchiroli, S.},
booktitle = {Software Product Lines: Going Beyond},
pages = {476--480},
title = {{Feature Diagrams as Package Dependencies}},
url = {http://www.springerlink.com/index/7534146613550207.pdf},
year = {2010}
}
@inproceedings{Bauml2009,
author = {Bauml, J. and Brada, P.},
booktitle = {SEAA'2009.},
pages = {428--435},
title = {{Automated Versioning in OSGi: A Mechanism for Component Software Consistency Guarantee}},
year = {2009}
}
@article{Ryan2005,
author = {Ryan, A. and Newmarch, J.},
journal = {CCNC'2005},
month = jan,
pages = {498--503},
title = {{An architecture for component evolution}},
volume = {0},
year = {2005}
}
@inproceedings{Jenson2010a,
author = {Jenson, Graham and Dietrich, Jens and Guesgen, Hans W.},
booktitle = {Proc. APSEC'2010},
publisher = {IEEE},
title = {{A Formal Framework to Optimise Component Dependency Resolution}},
year = {2010}
}
@inproceedings{le_berre_dependency_2009,
author = {Rapicault, Pascal and {Le Berre}, Daniel},
booktitle = {Proc. IWOCE'2009},
keywords = {Eclipse P2,Folder - Eclipse P2},
mendeley-tags = {Eclipse P2,Folder - Eclipse P2},
month = aug,
publisher = {ACM},
title = {{Dependency Management for the Eclipse Ecosystem}},
year = {2009}
}
@book{Simao2003,
address = {Berlin, Heidelberg},
author = {Sim\~{a}o, R\'{e}gis and Belchior, Arnaldo},
doi = {10.1007/b11721},
editor = {Cechich, Alejandra and Piattini, Mario and Vallecillo, Antonio},
isbn = {978-3-540-40503-0},
pages = {184--206--206},
publisher = {Springer Berlin Heidelberg},
series = {Lecture Notes in Computer Science},
title = {{Component-Based Software Quality}},
url = {http://www.springerlink.com/content/q64xyju4g60m0ng2/},
volume = {2693},
year = {2003}
}
@article{lehman1980,
author = {Lehman, M.M.},
issn = {0018-9219},
journal = {Proc. IEEE},
number = {9},
pages = {1060--1076},
title = {{Programs, life cycles, and laws of software evolution}},
volume = {68},
year = {1980}
}
@inproceedings{savolainen_analyzing_2007,
author = {Savolainen, Juha and Oliver, Ian and Myllarniemi, Varvana and Mannisto, Tomi},
booktitle = {Proc. COMPSAC'2007},
pages = {569--574},
publisher = {IEEE Press},
title = {{Analyzing and Re-structuring Product Line Dependencies}},
volume = {1},
year = {2007}
}
@book{casey_better_2008,
author = {Porter, B. and Sanchez, C. and Casey, J. and Massol, V.},
keywords = {Folder - Maven},
mendeley-tags = {Folder - Maven},
publisher = {MaestroDev},
title = {{Better Builds with Maven}},
year = {2008}
}
@misc{witty2004best,
author = {Witty, S.},
booktitle = {openwith.net},
publisher = {Dec},
title = {{Best Practices for Deploying and Managing Linux with Red Hat Network}},
url = {http://www.openwith.net/main/files/WHP0008US_RHN_final.pdf},
year = {2004}
}
@inproceedings{White:2003:AER:956750.956782,
address = {New York, New York, USA},
author = {White, Scott and Smyth, Padhraic},
booktitle = {KDD'2003},
isbn = {1581137370},
keywords = {Markov chains,PageRank,graphs,relative importance,social networks},
pages = {266 --275},
publisher = {ACM Press},
title = {{Algorithms for estimating relative importance in networks}},
year = {2003}
}
@article{Wang2006,
author = {Wang, Xiaopeng and Mei, Hong and Shen, Junrong and Wang, Qianxiang},
doi = {http://dx.doi.org/10.1002/smr.v18:3},
issn = {1532-060X},
journal = {J. Softw. Maint. Evol.},
keywords = {Folder - Unsorted},
mendeley-tags = {Folder - Unsorted},
number = {3},
pages = {181--205},
title = {{A component-based approach to online software evolution: Research Articles}},
volume = {18},
year = {2006}
}
@inproceedings{Trezentos2010,
author = {Trezentos, P and Lynce, In\^{e}s and Oliveira, Arlindo L.},
booktitle = {ASE'2010},
title = {{Apt-pbo: solving the software dependency problem using pseudo-boolean optimization}},
url = {http://portal.acm.org/citation.cfm?id=1859087},
year = {2010}
}
@book{Szyperski2002,
address = {Boston, MA, USA},
author = {Szyperski, Clemens},
edition = {2nd},
isbn = {0201745720},
publisher = {Addison-Wesley Longman Publishing Co.},
series = {The Component Software Series},
title = {{Component Software: Beyond Object-Oriented Programming}},
year = {2002}
}
@article{hamming1950error,
author = {Hamming, R.W.},
journal = {Bell System Technical Journal},
number = {2},
pages = {147--160},
title = {{Error detecting and error correcting codes}},
volume = {29},
year = {1950}
}
@inproceedings{Trezentos2010a,
author = {Trezentos, P},
booktitle = {LoCoCo'2010},
pages = {22--31},
title = {{Comparison of PBO solvers in a dependency solving domain}},
url = {http://adsabs.harvard.edu/abs/2010arXiv1007.1022T},
year = {2010}
}
@inproceedings{Berre2008,
author = {{Le Berre}, Daniel and Parrain, Anne},
booktitle = {Proc. SPLC'2008},
pages = {197--200},
publisher = {Lero Int. Science Centre},
title = {{On SAT Technologies for Dependency Management and Beyond}},
year = {2008}
}
@article{treinen2008solving,
author = {Treinen, R. and Zacchiroli, S.},
journal = {Arxiv preprint arXiv:0811.3620},
title = {{Solving package dependencies: from EDOS to Mancoosi}},
url = {http://arxiv.org/pdf/0811.3620},
year = {2008}
}
@article{Stuckenholz2005,
author = {Stuckenholz, Alexander},
issn = {0163-5948},
journal = {SIGSOFT Softw. Eng. Notes},
number = {1},
pages = {7},
title = {{Component evolution and versioning state of the art}},
volume = {30},
year = {2005}
}
@techreport{Barth2005,
author = {Barth, Andreas and Carlo, Adam Di and Hertzog, Rapha\"{e}l and Schwarz, Christian},
title = {{Debian developer's reference}},
year = {2005}
}
@inproceedings{leBerre2010,
author = {Rapicault, Pascal and {Le Berre}, Daniel},
booktitle = {Proc. LaSh'2010},
title = {{Dependency Management for the Eclipse Ecosystem: An Update}},
year = {2010}
}
@inproceedings{Jenson2010,
author = {Jenson, Graham and Dietrich, Jens and Guesgen, Hans W.},
booktitle = {Proc. CBSE'2010},
file = {:home/gdjenson/.local/share/data/Mendeley Ltd./Mendeley Desktop/Downloaded/Jenson, Dietrich, Guesgen - 2010 - An Empirical Study of the Component Dependency Resolution Search Space.pdf:pdf},
pages = {182--199},
publisher = {Springer},
title = {{An Empirical Study of the Component Dependency Resolution Search Space}},
year = {2010}
}
@inproceedings{Giunchiglia:2006:SOP:1567016.1567100,
address = {Amsterdam},
author = {Giunchiglia, Enrico and Maratea, Marco},
booktitle = {Proceeding of the 2006 conference on ECAI 2006: 17th European Conference on Artificial Intelligence August 29 â€“ September 1, 2006, Riva del Garda, Italy},
isbn = {1-58603-642-4},
pages = {377--381},
publisher = {IOS Press},
title = {{Solving Optimization Problems with DLL}},
url = {http://portal.acm.org/citation.cfm?id=1567016.1567100},
year = {2006}
}
