Automatically generated by Mendeley 1.6
Any changes to this file will be lost if it is regenerated by Mendeley.

@inproceedings{savolainen_analyzing_2007,
author = {Savolainen, Juha and Oliver, Ian and Myllarniemi, Varvana and Mannisto, Tomi},
booktitle = {Proc. COMPSAC'2007},
pages = {569--574},
publisher = {IEEE Press},
title = {{Analyzing and Re-structuring Product Line Dependencies}},
volume = {1},
year = {2007}
}
@inproceedings{grunbacher2009model,
author = {G\"{u}nbacher, P. and Rabiser, R. and Dhungana, D. and Lehofer, M.},
booktitle = {Proc. ASE'2009},
pages = {247--256},
publisher = {IEEE Press},
title = {{Model-Based Customization and Deployment of Eclipse-Based Tools: Industrial Experiences}},
year = {2009}
}
@inproceedings{PaulGr\unbacher2009,
author = {{Paul Gr{\"u}nbacher} and {Rick Rabiser} and {Deepak Dhungana} and {Martin Lehofer}},
pages = {77--82},
title = {{Structuring the Product Line Modeling Space: Strategies and Examples}},
year = {2009}
}
