Automatically generated by Mendeley 1.6
Any changes to this file will be lost if it is regenerated by Mendeley.

@article{rennie1950lattices,
author = {Rennie, BC},
journal = {Proceedings of the London Mathematical Society},
number = {1},
pages = {386--400},
title = {{Lattices}},
volume = {2},
year = {1950}
}
@book{RMcKenzieGFMcNulty,
annote = {undefined},
author = {McKenzie, R and McNulty, GF and Taylor, WF},
publisher = {Wadsworth & Brooks/Cole, Monterey, California},
title = {{Algebras, Lattices, Varieties}},
year = {1987}
}
@article{Land1960,
author = {Land, A.H. and Doig, A.G.},
journal = {Econometrica},
number = {3},
pages = {497--520},
title = {{An Automatic Method of Solving Discrete Programming Problems}},
volume = {28},
year = {1960}
}
@inproceedings{schiex1995valued,
author = {Schiex, T. and Fargier, H. and Verfaillie, G.},
booktitle = {Proc. IJCAI'1995},
pages = {631--637},
publisher = {Morgan Kaufmann Publishers Inc.},
title = {{Valued Constraint Satisfaction Problems: Hard and Easy Problems}},
year = {1995}
}
@inproceedings{Aleti2009,
author = {Aleti, A. and Grunske, L. and Meedeniya, I. and Moser, I.},
booktitle = {Proc. ASE'2009},
pages = {505--509},
publisher = {IEEE Press},
shorttitle = {Let the ants deploy your software},
title = {{Let the Ants Deploy Your Software: an ACO Based Deployment Optimisation Strategy}},
year = {2009}
}
@inproceedings{Fernandez,
author = {Fern\'{a}ndez, Antonio J. and Hill, Patricia M.},
booktitle = {Proc. FLOPS'1999},
pages = {194--208},
publisher = {Springer},
title = {{An Interval Lattice-Based Constraint Solving Framework for Lattices}},
year = {1999}
}
@inproceedings{Zhang2000,
author = {Zhang, W},
booktitle = {Proc. 17th National Conf. on Artificial Intelligence},
pages = {930--935},
publisher = {AAAI Press},
title = {{Depth-first Branch-and-bound Versus Local Search: A Case Study}},
year = {2000}
}
@book{fishburn1985interval,
author = {Fishburn, P.C.},
publisher = {John Wiley & Sons},
title = {{Interval Orders and Interval Graphs: A Study of Partially Ordered Sets}},
year = {1985}
}
@article{Freuder2009,
author = {Freuder, Eugene C. and Heffernan, Robert and Wallace, Richard J. and Wilson, Nic},
doi = {10.1007/s10601-009-9069-0},
issn = {1383-7133},
journal = {Constraints},
month = mar,
number = {1},
pages = {1--28},
title = {{Lexicographically-Ordered Constraint Satisfaction Problems}},
volume = {15},
year = {2009}
}
@article{Bistarelli1997,
author = {Bistarelli, Stefano and Montanari, Ugo and Rossi, Francesca},
journal = {J. ACM},
keywords = {Folder - Optimizationb,constraint solving,dynamic programming,local consistency,non-crisp constraint reasoning},
mendeley-tags = {constraint solving,dynamic programming,Folder - Optimizationb,local consistency,non-crisp constraint reasoning},
number = {2},
pages = {201--236},
title = {{Semiring-based Constraint Satisfaction and Optimization}},
volume = {44},
year = {1997}
}
@inproceedings{Ozturk,
author = {Ozt\"{u}rk, M and Tsoukias, A and Vincke, P},
booktitle = {Multiple Criteria Decision Analysis: State of the Art Surveys},
pages = {27--59},
publisher = {Springer},
title = {{Preference Modelling}},
year = {2004}
}
@book{birkhoff1950lattice,
author = {Birkhoff, G.},
number = {9904},
publisher = {Amer Mathematical Society},
title = {{Lattice Theory}},
volume = {2},
year = {1995}
}
@book{davey1990introduction,
author = {Davey, BA and Priestley, HA},
publisher = {Cambridge University Press},
title = {{Introduction to Lattices and Order}},
year = {1990}
}
@article{fernandez2004generic,
author = {Fern\'{a}ndez, A},
journal = {AI Communications},
number = {3},
pages = {171--174},
publisher = {IOS Press},
title = {{A Generic, Collaborative Framework for Interval Constraint Solving}},
volume = {17},
year = {2004}
}
@book{ehrgott2000multicriteria,
author = {Ehrgott, M.},
booktitle = {Lecture notes in economics and mathematical systems},
publisher = {Springer},
title = {{Multicriteria Optimization}},
year = {2000}
}
