Automatically generated by Mendeley 1.6
Any changes to this file will be lost if it is regenerated by Mendeley.

@book{hallsteinsen_experiences_1997,
author = {Paci, Maddali and Hallsteinsen, Svein},
publisher = {Springer},
title = {{Experiences in Software Evolution and Reuse}},
year = {1997}
}
@article{Tichy1998,
author = {Tichy, Walter F.},
doi = {http://doi.ieeecomputersociety.org/10.1109/2.675631},
issn = {0018-9162},
journal = {Computer},
number = {5},
pages = {32--40},
title = {{Should Computer Scientists Experiment More?}},
volume = {31},
year = {1998}
}
@book{Brooks1975,
author = {Brooks, Frederick P},
publisher = {Addison Wesley},
title = {{The Mythical Man-Month}},
year = {1975}
}
