Automatically generated by Mendeley 1.6
Any changes to this file will be lost if it is regenerated by Mendeley.

@article{Xinjuan2007,
author = {Xinjuan, Jin and Yihong, Long and Quan, Liu},
journal = {SNPD'2007},
month = aug,
pages = {494--499},
title = {{Research on Ontology-based Representation and Retrieval of Components}},
volume = {1},
year = {2007}
}
@inproceedings{Stuckenholz2007,
author = {Stuckenholz, Alexander},
booktitle = {Electronic Notes in Theoretical Computer Science},
issn = {1571-0661},
month = jun,
pages = {187--200},
title = {{Component Updates as a Boolean Optimization Problem}},
volume = {182},
year = {2007}
}
@inproceedings{le_berre_dependency_2009,
author = {Rapicault, Pascal and {Le Berre}, Daniel},
booktitle = {Proc. IWOCE'2009},
keywords = {Eclipse P2,Folder - Eclipse P2},
mendeley-tags = {Eclipse P2,Folder - Eclipse P2},
month = aug,
publisher = {ACM},
title = {{Dependency Management for the Eclipse Ecosystem}},
year = {2009}
}
@techreport{Burrows2005,
author = {Burrows, Daniel},
institution = {Debian},
month = jun,
title = {{Modelling and Resolving Software Dependencies}},
year = {2005}
}
@article{Bistarelli1997,
author = {Bistarelli, Stefano and Montanari, Ugo and Rossi, Francesca},
journal = {J. ACM},
keywords = {Folder - Optimizationb,constraint solving,dynamic programming,local consistency,non-crisp constraint reasoning},
mendeley-tags = {constraint solving,dynamic programming,Folder - Optimizationb,local consistency,non-crisp constraint reasoning},
number = {2},
pages = {201--236},
title = {{Semiring-based Constraint Satisfaction and Optimization}},
volume = {44},
year = {1997}
}
@article{Parrain2009,
author = {Parrain, A. and {Le Berre}, D.},
journal = {SAT 2009 competitive events},
month = jul,
pages = {109},
title = {{SAT4J at the SAT09 competitive events}},
year = {2009}
}
@inproceedings{Berre2008,
author = {{Le Berre}, Daniel and Parrain, Anne},
booktitle = {Proc. SPLC'2008},
pages = {197--200},
publisher = {Lero Int. Science Centre},
title = {{On SAT Technologies for Dependency Management and Beyond}},
year = {2008}
}
