Automatically generated by Mendeley 1.6
Any changes to this file will be lost if it is regenerated by Mendeley.

@phdthesis{Ye2001,
author = {Ye, Yunwen},
keywords = {CR: Example,Folder - Other},
mendeley-tags = {CR: Example,Folder - Other},
title = {{Supporting component-based software development with active component repository systems}},
year = {2001}
}
@book{the_osgi_alliance_rfc-0112_2006,
author = {{The OSGi Alliance}},
keywords = {CR: Example,Folder - OBR},
mendeley-tags = {CR: Example,Folder - OBR},
title = {{RFC-0112 Bundle Repository}},
year = {2006}
}
@inproceedings{le_berre_dependency_2009,
author = {Rapicault, Pascal and {Le Berre}, Daniel},
booktitle = {Proc. IWOCE'2009},
keywords = {Eclipse P2,Folder - Eclipse P2},
mendeley-tags = {Eclipse P2,Folder - Eclipse P2},
month = aug,
publisher = {ACM},
title = {{Dependency Management for the Eclipse Ecosystem}},
year = {2009}
}
@article{DeAlmeida2004,
author = {de Almeida, E. S and Lucredio, D. and Prado, A. F},
issn = {1089-6503},
journal = {Proc. Euromicro 2004},
keywords = {CR: Requirement Search,Folder - Other},
mendeley-tags = {CR: Requirement Search,Folder - Other},
month = sep,
pages = {152--159},
title = {{A survey on software components search and retrieval}},
volume = {0},
year = {2004}
}
@book{casey_better_2008,
author = {Porter, B. and Sanchez, C. and Casey, J. and Massol, V.},
keywords = {Folder - Maven},
mendeley-tags = {Folder - Maven},
publisher = {MaestroDev},
title = {{Better Builds with Maven}},
year = {2008}
}
